@misc{ ravi,
       author = "R. Ravi and R. Sundaram and M. V. Marathe and D. J. Rosenkrantz and S. S. Ravi",
       title = "Spannig trees short or small",
       howpublished = "SIAM Journal on Discrete Mathematics",
       year = 1996,
       pages = 1}
@misc{ kruskal,
       author = "Wikipedia",
       title = "Kruskal's algorithm",
       howpublished = "https://en.wikipedia.org/wiki/Kruskal\%27s\_algorithm"
       }
@misc{ prim,
       author = "Wikipedia",
       title = "Prim's algorithm",
       howpublished = "https://en.wikipedia.org/wiki/Prim\%27s\_algorithm"
       }
@misc{ aig,
       author = "Pawel Pijarski and Piotr Kacejko",
       title = "A new metaheuristic method: the algorithm of the innovative gunner (AIG)",
       howpublished = "Engineering Optimization, 2019",
       year = 2018,
       pages = 1}
@misc{ rand_r,
       author = "Linux man page",
       title = "rand\_r - Linux man page",
       howpublished = "https://linux.die.net/man/3/rand\_r"
       }